@article{Popek:1974:FRV:361011.361073,
 author = {Popek, Gerald J. and Goldberg, Robert P.},
 title = {Formal Requirements for Virtualizable Third Generation Architectures},
 journal = {Commun. ACM},
 issue_date = {July 1974},
 volume = {17},
 number = {7},
 month = jul,
 year = {1974},
 issn = {0001-0782},
 pages = {412--421},
 numpages = {10},
 url = {http://doi.acm.org/10.1145/361011.361073},
 doi = {10.1145/361011.361073},
 acmid = {361073},
 publisher = {ACM},
 address = {New York, NY, USA},
 keywords = {abstract model, formal requirements, hypervisor, operating system, proof, sensitive instruction, third generation architecture, virtual machine, virtual machine monitor, virtual memory},
} 

@article{horne2007understanding,
  title={Understanding full virtualization, paravirtualization and hardware assist},
  author={Horne, Chris},
  journal={White paper, VMware Inc},
  year={2007}
}

@article{barham2003xen,
  title={Xen and the art of virtualization},
  author={Barham, Paul and Dragovic, Boris and Fraser, Keir and Hand, Steven and Harris, Tim and Ho, Alex and Neugebauer, Rolf and Pratt, Ian and Warfield, Andrew},
  journal={ACM SIGOPS Operating Systems Review},
  volume={37},
  number={5},
  pages={164--177},
  year={2003},
  publisher={ACM}
}

@article{bhargava2008accelerating,
  title={Accelerating two-dimensional page walks for virtualized systems},
  author={Bhargava, Ravi and Serebrin, Benjamin and Spadini, Francesco and Manne, Srilatha},
  journal={ACM SIGOPS Operating Systems Review},
  volume={42},
  number={2},
  pages={26--35},
  year={2008},
  publisher={ACM}
}

@INPROCEEDINGS{Hansen_hotplugmemory,
    author = {Dave Hansen and Mike Kravetz and Brad Christiansen and Matt Tolentino},
    title = {Hotplug memory and the linux vm},
    booktitle = {In Linux Symposium},
    year = {}
}

@article{russell2008virtio,
  title={virtio: towards a de-facto standard for virtual I/O devices},
  author={Russell, Rusty},
  journal={ACM SIGOPS Operating Systems Review},
  volume={42},
  number={5},
  pages={95--103},
  year={2008},
  publisher={ACM}
}

@inproceedings{kivity2007kvm,
  title={kvm: the Linux virtual machine monitor},
  author={Kivity, Avi and Kamay, Yaniv and Laor, Dor and Lublin, Uri and Liguori, Anthony},
  booktitle={Proceedings of the Linux symposium},
  volume={1},
  pages={225--230},
  year={2007}
}

@inproceedings{bellard2005qemu,
  title={QEMU, a Fast and Portable Dynamic Translator.},
  author={Bellard, Fabrice},
  booktitle={USENIX Annual Technical Conference, FREENIX Track},
  pages={41--46},
  year={2005}
}

@inproceedings{qemu-multi,
      AUTHOR = "Anthony Liguori",
      TITLE = "Multi-threading QEMU",
      booktitle= "KVM Forum",
      MONTH = Aug,
      YEAR = 2010,
      NOTE = "\url{http://www.linux-kvm.org/images/7/70/2010-forum-threading-qemu.pdf}"
}

@inproceedings{Clark:2005:LMV:1251203.1251223,
 author = {Clark, Christopher and Fraser, Keir and Hand, Steven and Hansen, Jacob Gorm and Jul, Eric and Limpach, Christian and Pratt, Ian and Warfield, Andrew},
 title = {Live Migration of Virtual Machines},
 booktitle = {Proceedings of the 2Nd Conference on Symposium on Networked Systems Design \& Implementation - Volume 2},
 series = {NSDI'05},
 year = {2005},
 pages = {273--286},
 numpages = {14},
 url = {http://dl.acm.org/citation.cfm?id=1251203.1251223},
 acmid = {1251223},
 publisher = {USENIX Association},
 address = {Berkeley, CA, USA},
}

@inproceedings{magenheimer2009transcendent,
  title={Transcendent memory and linux},
  author={Magenheimer, Dan and Mason, Chris and McCracken, Dave and Hackel, Kurt},
  booktitle={Proceedings of the Linux Symposium},
  pages={191--200},
  year={2009},
}

@article{waldspurger2002memory,
  title={Memory resource management in VMware ESX server},
  author={Waldspurger, Carl A},
  journal={ACM SIGOPS Operating Systems Review},
  volume={36},
  number={SI},
  pages={181--194},
  year={2002},
  publisher={ACM}
}

@misc{ksm,
	title={Linux Kernel Documentation - vm/ksm},
    url = {https://www.kernel.org/doc/Documentation/vm/ksm.txt},
    note = {Accessed: 2016-05-09}
}

@article{gulati2012vmware,
  title={Vmware distributed resource management: Design, implementation, and lessons learned},
  author={Gulati, Ajay and Holler, Anne and Ji, Minwen and Shanmuganathan, Ganesha and Waldspurger, Carl and Zhu, Xiaoyun},
  journal={VMware Technical Journal},
  volume={1},
  number={1},
  pages={45--64},
  year={2012}
}

@article{wood2009sandpiper,
  title={Sandpiper: Black-box and gray-box resource management for virtual machines},
  author={Wood, Timothy and Shenoy, Prashant and Venkataramani, Arun and Yousif, Mazin},
  journal={Computer Networks},
  volume={53},
  number={17},
  pages={2923--2938},
  year={2009},
  publisher={Elsevier}
}

@inproceedings{mishra2011theory,
  title={On theory of vm placement: Anomalies in existing methodologies and their mitigation using a novel vector based approach},
  author={Mishra, Mayank and Sahoo, Anirudha},
  booktitle={Cloud Computing (CLOUD), 2011 IEEE International Conference on},
  pages={275--282},
  year={2011},
  organization={IEEE}
}

@inproceedings{shen2011cloudscale,
  title={Cloudscale: elastic resource scaling for multi-tenant cloud systems},
  author={Shen, Zhiming and Subbiah, Sethuraman and Gu, Xiaohui and Wilkes, John},
  booktitle={Proceedings of the 2nd ACM Symposium on Cloud Computing},
  pages={5},
  year={2011},
  organization={ACM}
}

@inproceedings{tan2011exploiting,
  title={Exploiting resource usage patterns for better utilization prediction},
  author={Tan, Jian and Dube, Parijat and Meng, Xiaoqiao and Zhang, Li},
  booktitle={Distributed Computing Systems Workshops (ICDCSW), 2011 31st International Conference on},
  pages={14--19},
  year={2011},
  organization={IEEE}
}

@inproceedings{singh2008server,
  title={Server-storage virtualization: integration and load balancing in data centers},
  author={Singh, Aameek and Korupolu, Madhukar and Mohapatra, Dushmanta},
  booktitle={Proceedings of the 2008 ACM/IEEE conference on Supercomputing},
  pages={53},
  year={2008},
  organization={IEEE Press}
}

@misc{procfs,
	title={Linux Kernel Documentation - filesystem/proc},
    url = {https://www.kernel.org/doc/Documentation/filesystems/proc.txt},
    note = {Accessed: 2016-05-09}
}

@incollection{andreolini2009dynamic,
  title={Dynamic load management of virtual machines in cloud architectures},
  author={Andreolini, Mauro and Casolari, Sara and Colajanni, Michele and Messori, Michele},
  booktitle={Cloud Computing},
  pages={201--214},
  year={2009},
  publisher={Springer}
}

@article{page1957estimating,
  title={Estimating the point of change in a continuous process},
  author={Page, ES},
  journal={Biometrika},
  volume={44},
  number={2},
  pages={248--252},
  year={1957}
}

@misc{ehrhardt2013cpu,
  title={CPU time accounting},
  author={Ehrhardt, Christian},
  url = {http://sd-34470.dedibox.fr/downloads/PDF_Archive/CPU_time_accounting.pdf},
  note= {Accessed: 2016-05-09}
}

@misc{openstack,
  title="Openstack Website",
  url= {https://www.openstack.org/},
  note={Accessed: 2016-05-09}
}

@midc{etcd,
  title="Etcd Website",
  url={https://coreos.com/etcd/},
  note={Accessed: 2016-05-09}  
}

@misc{etcd-ad,
  title="Etcd Administration",
  url={https://coreos.com/etcd/docs/latest/admin_guide.html},
  note={Accessed: 2016-05-09}
 }
 
 @article{Henning:2006:SCB:1186736.1186737,
 author = {Henning, John L.},
 title = {SPEC CPU2006 Benchmark Descriptions},
 journal = {SIGARCH Comput. Archit. News},
 issue_date = {September 2006},
 volume = {34},
 number = {4},
 month = sep,
 year = {2006},
 issn = {0163-5964},
 pages = {1--17},
 numpages = {17},
 url = {http://doi.acm.org/10.1145/1186736.1186737},
 doi = {10.1145/1186736.1186737},
 acmid = {1186737},
 publisher = {ACM},
 address = {New York, NY, USA},
} 
 
 @misc{qemu-migration,
 	title="KVM-Migration",
    url="http://www.linux-kvm.org/page/Migration",
    note={Accessed: 2016-05-09}
 }
 
 @article{Habib:2008:VK:1344209.1344217,
 author = {Habib, Irfan},
 title = {Virtualization with KVM},
 journal = {Linux J.},
 issue_date = {February 2008},
 volume = {2008},
 number = {166},
 month = feb,
 year = {2008},
 issn = {1075-3583},
 articleno = {8},
 url = {http://dl.acm.org/citation.cfm?id=1344209.1344217},
 acmid = {1344217},
 publisher = {Belltown Media},
 address = {Houston, TX},
}

@inproceedings{yabusame,
  author = {Yamahata, Isaku and Hirofuchi, Takahiro},
  title= {Yabusame: Postcopy Live migration for QEmu/KVM},
  booktitle={LinuxCon Japan},
  month= {June},
  year = {2012},
  url = {https://events.linuxfoundation.org/images/stories/pdf/lcjp2012_yamahata_postcopy.pdf},
  note = {Accessed: 2016-05-09},
  }
  